@misc{issueprotege,
  title        = {Issue aperta per subquery SPARQL non supportate da Protege},
  howpublished = {\url{https://github.com/protegeproject/snap-sparql-query/issues/10}}
}
@misc{battery_kyrillos,
  title        = {Battery},
  howpublished = {\url{http://www.semanticweb.org/cyrill/ontologies/2023/3/battery/}}
}

@misc{saref,
  title        = {SAREF},
  howpublished = {\url{https://saref.etsi.org}}
}

@misc{interconnect,
  title        = {InterConnect},
  howpublished = {\url{https://gitlab.inesctec.pt/groups/interconnect-public/-/wikis/home#interconnect-ontology}}
}

@misc{ic-data,
  title        = {ic-data},
  howpublished = {\url{https://gitlab.inesctec.pt/interconnect-public/ontology/-/wikis/ic-data}}
}